<record><leader>00000cas a22000007a 4500</leader><controlfield tag="001">23283079</controlfield><controlfield tag="008">910322d190119uucoudn ne      0    0eng d</controlfield><datafield ind1=" " ind2=" " tag="010"><subfield code="a">sn 91052371 </subfield></datafield><datafield ind1=" " ind2=" " tag="040"><subfield code="a">CNQ</subfield><subfield code="b">eng</subfield><subfield code="c">CNQ</subfield><subfield code="d">OCLCQ</subfield></datafield><datafield ind1=" " ind2=" " tag="042"><subfield code="a">msc</subfield></datafield><datafield ind1="0" ind2=" " tag="130"><subfield code="a">Denver record-stockman (Denver, Colo. : Daily)</subfield></datafield><datafield ind1="1" ind2="0" tag="245"><subfield code="a">Denver record-stockman.</subfield></datafield><datafield ind1=" " ind2=" " tag="260"><subfield code="a">Denver, Colo. :</subfield><subfield code="b">Record-Stockman Pub. Co.</subfield></datafield><datafield ind1=" " ind2=" " tag="300"><subfield code="a">v.</subfield></datafield><datafield ind1=" " ind2=" " tag="310"><subfield code="a">Daily (except Sun. and Thurs.),</subfield><subfield code="b">Sept. 18, 1901-</subfield></datafield><datafield ind1=" " ind2=" " tag="321"><subfield code="a">Daily (except Sun.),</subfield><subfield code="b">Jan. 2-Sept. 18, 1901</subfield></datafield><datafield ind1="0" ind2=" " tag="362"><subfield code="a">12th year (Jan. 2, 1901)-</subfield></datafield><datafield ind1=" " ind2=" " tag="530"><subfield code="a">Available on microfilm from the Colorado Historical Society.</subfield></datafield><datafield ind1=" " ind2=" " tag="752"><subfield code="a">United States</subfield><subfield code="b">Colorado</subfield><subfield code="c">Denver</subfield><subfield code="d">Denver.</subfield></datafield><datafield ind1=" " ind2=" " tag="752"><subfield code="a">United States</subfield><subfield code="b">Colorado</subfield><subfield code="c">Arapahoe</subfield><subfield code="d">Denver.</subfield></datafield><datafield ind1="0" ind2=" " tag="775"><subfield code="t">Denver record-stockman (Denver, Colo. : Weekly)</subfield><subfield code="w">(DLC)sn 91052372</subfield></datafield><datafield ind1="0" ind2="0" tag="780"><subfield code="t">Daily Denver stockman</subfield><subfield code="w">(DLC)sn 91052078</subfield></datafield></record>